@book{povh,
author = {Povh, B. and Rith, K. and Scholz, C. and Zetsche, F.},
title = {Teilchen und Kerne},
location = {Heidelberg New York},
year = {2006},
subtitle = {Eine EinfuÌˆhrung in die physikalischen Konzepte},
volume = {7}
}
@online{pdg,
  author = {Particle Data Group},
  title = {Passage of particles through matter},
  year = {2018},
  url = {http://pdg.lbl.gov/2019/reviews/rpp2018-rev-passage-particles-matter.pdf},
  urldate = {2019-12-01}
}
@online{wupp,
  author = {Nave, R.},
  title = {Rutherford-Streuformel},
  year = {2006},
  url = {http://hydrogen.physik.uni-wuppertal.de/hyperphysics/hyperphysics/hbase/rutsca.html},
  urldate = {2019-12-01}
}
@online{aufbau,
  author = {Spektrum Akademischer Verlag, Heidelberg},
  title = {Rutherfordscher Streuversuch},
  year = 1998,
  url = {https://www.spektrum.de/lexikon/physik/rutherfordscher-streuversuch/12654},
  urldate = {2019-12-05}
}
