@inproceedings{anleitung,
  author = "TU Dortmund",
  booktitle = "Versuchsanleitung V64 - Moderne Interferometrie",
}

@MANUAL{teachspin,
    title   = {TeachSpin's Modern Interferometry},
    subtitle = {A Conceptual Introduction to the Experiment},
    url = {https://drive.google.com/file/d/0B1nZP55TUGJMN1VyUWhFT0tnVDg/view, https://www.teachspin.com/modern-interferometry},
    date = {2017},
    author = {TeachSpin, Inc.}
}

@online{thorlabs,
  author = {Thorlabs, Inc.},
  title = {Broadband Polarizing Beamsplitter Cubes},
  year = 2020,
  url = {https://www.thorlabs.de/newgrouppage9.cfm?objectgroup_id=739},
  urldate = {2020-01-09, 15:20}
}

@online{spektrum,
  author = {Dr. Daniel Lingenhöhl},
  title = {Brechzahl}, 
  url = {https://www.spektrum.de/lexikon/physik/brechzahl/1958}, 
  urldate = {2020-03-05, 15:20}
}

@thesis{diss-busk,
    author = {Buskühl, M.},
    title = {Infrarotellipsometrische Untersuchungen zur Oberfla ̈chenversta ̈rkten Infrarotabsorption},
    subtitle= {SEIRA – Surface Enhanced Infrared Absorption},
    year = {2003},
    type = {Dissertation},
    school = {Humboldt-Universität zu Berlin}
}

@online{edmund,
  author = {Edmund Optics},
  title = {Introduction to Polarization},
  year = 2018,
  url = {https://www.edmundoptics.de/knowledge-center/application-notes/optics/introduction-to-polarization/},
  urldate = {2019-12-11, 15:43}
}


@online{nucleide,
  author = {Laboratoire National Henri Becquerel},
  title = {Library for gamma and alpha emissions},
  year = 2019,
  url = {http://www.nucleide.org/Laraweb/index.php},
  urldate = {2019-12-11, 22:35}
}




@book{Christiansen1980a,
author = {{Saxo Grammaticus}},
title = {Books X, XI, XII and XIII},
location = {Oxford},
year = {1980},
gender = {sm},
series = {BAR International Series},
number = {84},
mainsubtitle = {Books X--XVI},
maintitle = {Danorum Regum Heroumque Historia},
maintitleaddon = {The text of the first edition with ← translation and commentary in three volumes},
translator = {Eric Christiansen},
volume = {1}
}

@misc{WinNT,
  title = {{MS Windows NT} Kernel Description},
  howpublished = {\url{http://web.archive.org/web/20080207010024/http://www.808multimedia.com/winnt/kernel.htm}},
  note = {Accessed: 2010-09-30}
}

@online{WinNT,
  author = {MultiMedia LLC},
  title = {{MS Windows NT} Kernel Description},
  year = 1999,
  url = {http://web.archive.org/web/20080207010024/http://www.808multimedia.com/winnt/kernel.htm},
  urldate = {2010-09-30}
}

@electronic{Rub1,
 author = {Rubino, Daniel},
 editor = {{Windows Phone Central}},
 title = {IE9 for Windows Phone 7: Adobe Flash, demos and development},
 url = {http://www.wpcentral.com/ie9-windows-phone-7-adobe-flash-demos-and-development-videos},
 urldate = {14.01.2013},
 originalyear = {18.02.2011}
 }

 @INTERNET{www11b,
    AUTHOR    = "Schultheis, J. D.",
    TITLE     = "Fun with Reference Citations",
    ADDRESS   = "Baltimore (MD)",
    PUBLISHER = "Random House",
    INSTITUTION = "Glenn Research Center, National Aeronautics
                   and Space Administration",
    YEAR      = "2013",
    MONTH     = sep # " 10",
    WEBSITE   =
             "http://en.wikipedia.org/wiki/Trajectory\_of\_a\_projectile",
    DOI       = "\url{doi:10.10.1038/nphys1170}",
    ACCESSED  = "2014 " # sep # " 26",
    REVISED  = "2014 " # jun # " 12"
    }
